@book{book:1,
   title =     {Book 1},
   author =    {Author 1},
   publisher = {Publisher 1},
   isbn =      {},
   year =      {2023},
   series =    {},
   edition =   {1},
   volume =    {},
   url =       {}
}

@article{art:1,
 ISSN = {},
 URL = {},
 author = {Author A},
 journal = {Journal A},
 number = {1},
 pages = {1--6},
 publisher = {Publisher A},
 title = {Article A},
 urldate = {},
 volume = {1},
 year = {2023}
}

@article{art:2,
 ISSN = {},
 URL = {},
 author = {Author B},
 journal = {Journal B},
 number = {1},
 pages = {1--7},
 publisher = {Publisher B},
 title = {Article B},
 urldate = {},
 volume = {1},
 year = {2023}
}